@inproceedings{bak2022reachability,
  title={Reachability of Koopman linearized systems using random fourier feature observables and polynomial zonotope refinement},
  author={Bak, Stanley and Bogomolov, Sergiy and Hencey, Brandon and Kochdumper, Niklas and Lew, Ethan and Potomkin, Kostiantyn},
  booktitle={International Conference on Computer Aided Verification},
  pages={490--510},
  year={2022},
  organization={Springer}
}

% Davis, E., Dey, S., Karvonen, A., Lew, E., Quick, D., Shyamshankar, P., Hille, T., Lebeau, M.  (2023). . In: Tareq Ahram and Waldemar Karwowski (eds) Human Factors in Robots, Drones and Unmanned Systems. AHFE (2023) International Conference. AHFE Open Access, vol 93. AHFE International, USA.
http://doi.org/10.54941/ahfe1003759

@inproceedings{davis2023leveraging,
  title={Leveraging Manifold Learning and Relationship Equity Management for Symbiotic Explainable Artificial Intelligence},
  author={Davis, Eric and Dey, Sourya and Karvonen, Adam and Lew, Ethan and Quick, Donya and Shyamshankar, Panchapakesan and Hille, Ted and Lebeau, Matt},
  booktitle={International Conference on Applied Human Factors and Ergonomics},
  pages={490--510},
  year={2023},
  organization={AHFE International}
}